<?xml version="1.0" encoding="UTF-8"?><collection xmlns="http://www.loc.gov/MARC21/slim"><record><leader>00401nam--2200145-i-4500</leader><controlfield tag="001">000014664</controlfield><controlfield tag="002">20161230</controlfield><controlfield tag="005">20170218234920</controlfield><controlfield tag="008">060222s1000------------r-----000-0-eng-d</controlfield><datafield ind1=" " ind2=" " tag="100"><subfield code="a">Cramariuc, R</subfield></datafield><datafield ind1=" " ind2=" " tag="245"><subfield code="a">Masurari electrice industriale vol.III: Masurari in inalta tensiune</subfield></datafield><datafield ind1=" " ind2=" " tag="260"><subfield code="a">Bucuresti</subfield><subfield code="b">Editura Tehnica</subfield><subfield code="c">1971</subfield></datafield><datafield ind1=" " ind2=" " tag="300"><subfield code="a">420 p</subfield></datafield><datafield ind1=" " ind2=" " tag="700"><subfield code="a">Tanasescu, Fl</subfield></datafield><datafield ind1=" " ind2=" " tag="CAT"><subfield code="a">SYS</subfield><subfield code="c">20170218</subfield><subfield code="h">234920</subfield></datafield></record></collection>